<record><leader>00000cas a2200000 a 4500</leader><controlfield tag="001">40779048</controlfield><controlfield tag="008">990212d196519uumiuwr n       0    0eng c</controlfield><datafield ind1=" " ind2=" " tag="010"><subfield code="a">sn 98066454 </subfield></datafield><datafield ind1=" " ind2=" " tag="040"><subfield code="a">MHN</subfield><subfield code="b">eng</subfield><subfield code="c">MHN</subfield><subfield code="d">OCL</subfield><subfield code="d">OCLCQ</subfield><subfield code="d">OCLCF</subfield><subfield code="d">OCLCO</subfield></datafield><datafield ind1="1" ind2=" " tag="029"><subfield code="a">AU@</subfield><subfield code="b">000014546315</subfield></datafield><datafield ind1=" " ind2=" " tag="042"><subfield code="a">pcc</subfield></datafield><datafield ind1=" " ind2=" " tag="043"><subfield code="a">n-us-mi</subfield></datafield><datafield ind1="0" ind2="4" tag="245"><subfield code="a">The sentinel leader and Comstock Park courier-news.</subfield></datafield><datafield ind1="1" ind2="3" tag="246"><subfield code="a">Sentinel leader</subfield></datafield><datafield ind1=" " ind2=" " tag="260"><subfield code="a">Sparta, Mich. :</subfield><subfield code="b">Barry D. Brand</subfield></datafield><datafield ind1=" " ind2=" " tag="300"><subfield code="a">v.</subfield></datafield><datafield ind1=" " ind2=" " tag="310"><subfield code="a">Weekly</subfield></datafield><datafield ind1="0" ind2=" " tag="362"><subfield code="a">Vol. 88, no. 38 (Sept. 22, 1965)-</subfield></datafield><datafield ind1=" " ind2=" " tag="515"><subfield code="a">Issue for Dec. 18, 1965 incorrectly dated 1963.</subfield></datafield><datafield ind1=" " ind2=" " tag="580"><subfield code="a">Merged with: Sparta reminder, to form: Sparta reminder-Sentinel leader.</subfield></datafield><datafield ind1=" " ind2="0" tag="651"><subfield code="a">Sparta (Mich.)</subfield><subfield code="v">Newspapers.</subfield></datafield><datafield ind1=" " ind2="0" tag="651"><subfield code="a">Kent County (Mich.)</subfield><subfield code="v">Newspapers.</subfield></datafield><datafield ind1=" " ind2="7" tag="655"><subfield code="a">Newspapers.</subfield><subfield code="2">fast</subfield><subfield code="0">(OCoLC)fst01423814</subfield></datafield><datafield ind1=" " ind2="7" tag="651"><subfield code="a">Michigan</subfield><subfield code="z">Kent County.</subfield><subfield code="2">fast</subfield><subfield code="0">(OCoLC)fst01202912</subfield></datafield><datafield ind1=" " ind2="7" tag="651"><subfield code="a">Michigan</subfield><subfield code="z">Sparta.</subfield><subfield code="2">fast</subfield><subfield code="0">(OCoLC)fst01233196</subfield></datafield><datafield ind1=" " ind2=" " tag="752"><subfield code="a">United States</subfield><subfield code="b">Michigan</subfield><subfield code="c">Kent</subfield><subfield code="d">Sparta.</subfield></datafield><datafield ind1="0" ind2="0" tag="780"><subfield code="t">Sentinel-leader (Sparta, Mich.)</subfield><subfield code="w">(DLC)sn 97063113</subfield><subfield code="w">(OCoLC)36306548</subfield></datafield><datafield ind1="1" ind2="7" tag="785"><subfield code="t">Sparta reminder</subfield><subfield code="w">(DLC)sn 98066458</subfield><subfield code="w">(OCoLC)40778966</subfield></datafield><datafield ind1="1" ind2="7" tag="785"><subfield code="t">Sparta reminder sentinel-leader</subfield><subfield code="w">(DLC)sn 98066459</subfield><subfield code="w">(OCoLC)40778872</subfield></datafield></record>